
@inproceedings{bojinov2010kamouflage,
  title={{Kamouflage: Loss-resistant Password Management}},
  author={Bojinov, Hristo and Bursztein, Elie and Boyen, Xavier and Boneh, Dan},
  booktitle={European Symposium on Research in Computer Security},
  year={2010},
}

@inproceedings{juels2014honey,
  title={{Honey Encryption: Security Beyond the Brute-Force Bound}},
  author={Juels, Ari and Ristenpart, Thomas},
  booktitle={Annual International Conference on the Theory and Applications of Cryptographic Techniques},
  year={2014},
}

@inproceedings{Golla2016,
 author = {Golla, Maximilian and Beuscher, Benedict and D\"{u}rmuth, Markus},
 title = {{On the Security of Cracking-Resistant Password Vaults}},
 booktitle = {ACM SIGSAC Conference on Computer and Communications Security},
 year = {2016}
} 

@article{Pagh2001,
  title={{Cuckoo Hashing}},
  author={Pagh, Rasmus and Rodler, Flemming Friche},
  journal={Journal of Algorithms},
  volume={51},
  number={2},
  pages={122--144},
  year={2004},
  publisher={Elsevier}
}

@article{Fountaoulakis2010,
  title={{On the Insertion Time of Cuckoo Hashing}},
  author={Fountoulakis, Nikolaos and Panagiotou, Konstantinos and Steger, Angelika},
  journal={SIAM Journal on Computing},
  volume={42},
  number={6},
  pages={2156--2181},
  year={2013},
  publisher={SIAM}
}


@article{Fountoulakis2009,
  title={{Sharp Load Thresholds for Cuckoo Hashing}},
  author={Fountoulakis, Nikolaos and Panagiotou, Konstantinos},
  journal={Random Structures \& Algorithms},
  volume={41},
  number={3},
  pages={306--333},
  year={2012},
  publisher={Wiley Online Library}
}

@article{Frieze2011,
  title={{An Analysis of Random-Walk Cuckoo Hashing}},
  author={Frieze, Alan and Melsted, P{\'a}ll and Mitzenmacher, Michael},
  journal={SIAM Journal on Computing},
  volume={40},
  number={2},
  pages={291--308},
  year={2011},
  publisher={SIAM}
}

@inproceedings{Florencio2007,
 author = {Florencio, Dinei and Herley, Cormac},
 title = {{A Large-scale Study of Web Password Habits}},
 booktitle = {16\textsuperscript{th} International Conference on World Wide Web},
 year = {2007},
} 

@inproceedings {Silver2014,
author = {David Silver and Suman Jana and Dan Boneh and Eric Chen and Collin Jackson},
title = {{Password Managers: Attacks and Defenses}},
booktitle = {23\textsuperscript{rd} USENIX Security Symposium},
year = {2014},
}


@inproceedings {Li2014,
author = {Zhiwei Li and Warren He and Devdatta Akhawe and Dawn Song},
title = {{The Emperor{\textquoteright}s New Password Manager: Security Analysis of Web-based Password Managers}},
booktitle = {23\textsuperscript{rd} USENIX Security Symposium},
year = {2014},
}

@inproceedings{Stock2014,
 author = {Stock, Ben and Johns, Martin},
 title = {{Protecting Users Against XSS-based Password Manager Abuse}},
 booktitle = {9\textsuperscript{th} ACM Symposium on Information, Computer and Communications Security},
 year = {2014},

} 

@inproceedings {Zhou2014,
author = {Yuchen Zhou and David Evans},
title = {S{S}{O}{S}can: {A}utomated {T}esting of {W}eb {A}pplications for {S}ingle {S}ign-{O}n {V}ulnerabilities},
booktitle = {23\textsuperscript{rd} USENIX Security Symposium},
year = {2014},
}

@inproceedings {CookieJar,
author = {Suphannee Sivakoran and Iasonas Polakis and Angelos D. Keromytis},
title = {The {C}racked {C}ookie {J}ar: H{T}{T}{P} {C}ookie {H}ijacking and the {E}xposure of {P}rivate {I}nformation},
booktitle = {37\textsuperscript{th} IEEE Symposium on Security and Privacy},
year = {2016},
}

@inproceedings {CookiesLackIntegrity,
author = {Xiaofeng Zheng and Jian Jiang and Jinjin Liang and Haixin Duan and Shuo Chen Tao Wan and Nicholas Weaver},
title = {Cookies {L}ack {I}ntegrity: {R}eal-{W}orld {I}mplications},
booktitle = {24\textsuperscript{th} USENIX Security Symposium},
year = {2015},
}

@inproceedings {InternetJones,
author = {Adam Lerner and Aanna Kornfeld Simpson and Tadayoshi Kohno and Franziska Roesner},
title = {Internet {J}ones and the {R}aiders of the {L}ost {T}rackers: An {A}rchaeological {S}tudy of {W}eb {T}racking from 1996 to 2016},
booktitle = {25\textsuperscript{th} USENIX Security Symposium},
year = {2016},
}


@inproceedings{englehardt2016census,
    author    = "Steven Englehardt and Arvind Narayanan",
    title     = {{Online Tracking: A 1-million-site Measurement and Analysis}},
    booktitle = {23\textsuperscript{th} ACM SIGSAC Conference on Computer Communications Security},
    year      = "2016",
}

@inproceedings{FPDetective,
 author = {Gunes Acar and Marc Juarez and Nick Nikiforakis and Claudia Diaz and Seda G\"{u}rses and Frank Piessens and Bart Preneel},
 title = {F{P}{D}etective: Dusting the {W}eb for {F}ingerprinters},
 booktitle = {20\textsuperscript{th} ACM SIGSAC Conference on Computer Communications Security},
 year = {2013},
} 

@misc {URLParsingBug, 
title = {How I made Lastpass give me all your passwords},
howpublished = {\url{https://labs.detectify.com/2016/07/27/how-i-made-lastpass-give-me-all-your-passwords/}},
author = {Mathias Karlsson},
 note={2017-5-15},
 year={2017}
}


@misc {Selenium, 
title = {Selenium - {W}eb {B}rowser {A}utomation},
howpublished = {\url{http://www.seleniumhq.org/}},
author = {Jason Huggins, Shinya Kasatani, and Patrick Lightbody},
 note={2017-5-15},
 year={2017}
}

@misc {BrowserMobProxy, 
title = {Github - BrowserMobProxy},
howpublished = {\url{https://github.com/lightbody/browsermob-proxy}},
author = {Patrick Lightbody},
 note={2017-5-15},
 year={2017}
 }

@misc {Firefox, 
title = {Download Firefox},
howpublished = {\url{https://www.mozilla.org/en-US/firefox/new/}},
  author={Mozilla~Developer~Network},
 note={2017-5-15},
 year={2017}
 }

@misc{FirefoxSDK, 
  author = {Mozilla},
  title = {{Add-on SDK}},
  howpublished = {\url{https://developer.mozilla.org/en-US/Add-ons/SDK}},
    author={Mozilla~Developer~Network},
 note={2017-5-15},
 year={2017}
 }
 
 @misc{DynamodbPricing, 
  author = {Amazon},
  title = {{Amazon DynamoDB Pricing}},
  howpublished = {\url{https://aws.amazon.com/dynamodb/pricing/}},
 note={2017-5-15},
 year={2017}
 }
 
  @misc{EC2Bandwidth, 
  author = {Amazon},
  title = {{Amazon EC2 Instance Configuration}},
  howpublished = {\url{http://docs.aws.amazon.com/AWSEC2/latest/UserGuide/ebs-ec2-config.html}},
 note={2017-5-15},
 year={2017}
 }
 
   @misc{EC2Pricing, 
  author = {Amazon},
  title = {{Amazon EC2 Pricing}},
  howpublished = {\url{https://aws.amazon.com/ec2/pricing/}},
 note={2017-5-15},
 year={2017}
 }




@inproceedings {Rui2013,
author = {Rui Wang and Yuchen Zhou and Shuo Chen and Shaz Qadeer and David Evans and Yuri Gurevich},
title = {{Explicating SDKs: Uncovering Assumptions Underlying Secure Authentication and Authorization}},
booktitle = {22\textsuperscript{nd} USENIX Security Symposium},
year = {2013},
}

@inproceedings{ion2015no,
    title={{``... no one can hack my mind'': Comparing Expert and Non-Expert Security Practices}},
      author={Ion, Iulia and Reeder, Rob and Consolvo, Sunny},
        booktitle={11\textsuperscript{th} Symposium on Usable Privacy and Security},
            year={2015}
}

@inproceedings{das2014tangled,
    title={{The Tangled Web of Password Reuse}},
      author={Das, Anupam and Bonneau, Joseph and Caesar, Matthew and Borisov, Nikita and Wang, XiaoFeng},
        booktitle={22\textsuperscript{th} Network and Distributed System Security Symposium},
              year={2014}
}

@article{shamir1979share,
    title={{How to Share a Secret}},
    author={Shamir, Adi},
    journal={Communications~of~the~ACM},
    volume={22},
  number={11},
    year={1979},
}


@inproceedings{gaw2006password,
    title={{Password Management Strategies for Online Accounts}},
      author={Gaw, Shirley and Felten, Edward W},
        booktitle={2\textsuperscript{nd} Symposium on Usable Privacy and Security},
            year={2006},
}



@inproceedings{herley2009so,
    title={{So long, and no thanks for the externalities: the rational rejection of security advice by users}},
      author={Herley, Cormac},
        booktitle={New Security Paradigms Workshop},
            year={2009},
}


@misc{goodin2015,
    title = {{Hacking tool swipes encrypted credentials from password manager}},
    author = {Goodin, Dan },
    howpublished = {\url{http://arstechnica.com/security/2015/11/hacking-tool-swipes-encrypted-credentials-from-password-manager/}},
 note = {2015-11-2}, 
 year={2015}
}

@inproceedings{Zhao2013,
 author = {Zhao, Rui and Yue, Chuan},
 title = {{All Your Browser-saved Passwords Could Belong to Us: A Security Analysis and a Cloud-based New Design}},
 booktitle = {3\textsuperscript{rd} ACM Conference on Data and Application Security and Privacy},
 year = {2013},
} 

@misc{khandelwal2016,
  title={{LastPass bug lets hackers steal all your passwords}},
  author={Khandelwal, Swati},
  howpublished={\url{http://thehackernews.com/2016/07/lastpass-password-manager.html}},
  note={2016-7-27}, 
 year={2016}
}

@misc{titcomb2015,
  title={{Password manager 1Password criticised for leaking users bookmarks}},
  author={Titcomb, James},
  howpublished={\url{http://www.telegraph.co.uk/technology/internet-security/11939920/Password-manager-1Password-criticised-for-leaking-users-bookmarks.html}},
  note={2015-10-19}, 
 year={2015}
}

@misc{hackernoon2017,
  title={{PSA: LastPass Does Not Encrypt Everything In Your Vault}},
  author={Concerned LastPass User},
  howpublished={\url{https://hackernoon.com/psa-lastpass-does-not-encrypt-everything-in-your-vault-8722d69b2032}},
  note={2017-1-18}, 
  year={2017}
}

@misc{roberts,
  title={{Yahoo got hacked big time: What you need to know.}},
  author={Roberts, Jeff John},
  howpublished={\url{http://fortune.com/2016/09/22/yahoo-hack-qa/}},
  note={2016-09-22}, 
  year={2016}
}

@misc{lastpass,
  title={{LastPass | Password Manager}},
  howpublished={\url{https://www.lastpass.com/}},
   author={LastPass & Xmarks. The Ultimate Cross-Platform Team},
  note={2017-02-10}, 
  year={2017}
}

@misc{dashlane,
  title={{Never forget another password | Dashlane}},
  howpublished={\url{https://www.dashlane.com/features/password-manager}},
   author={Dashlane Inc},
  note={2017-02-10}, 
  year={2017} 
}

@misc{keepass,
  title={{KeePass Password Safe}},
  howpublished={\url{http://keepass.info/}},
   author={Dominiki Reichl},
  note={2017-02-10}, 
  year={2017} 
}

@misc{1password,
  title={{1Password}},
  howpublished={\url{https://1password.com/}},
    author={AgileBits Inc},
  note={2017-02-10}, 
  year={2017} 
}
@misc{FirefoxComparisonSDKWebExtension,
  title={{Comparison with the Add-on SDK - Mozilla - MozillaWiki}},
  howpublished={\url{https://developer.mozilla.org/en-US/Add-ons/WebExtensions/Comparison_with_the_Add-on_SDK/}},
  author={Mozilla~Developer~Network},
  note={2017-02-10}, 
  year={2017} 
}

@inproceedings{barth2010protecting,
  title={{Protecting Browsers from Extension Vulnerabilities}},
  author={Barth, Adam and Felt, Adrienne Porter and Saxena, Prateek and Boodman, Aaron},
  booktitle={18\textsuperscript{th} Network and Distributed System Security Symposium},
  year={2010}
}

@inproceedings{buyukkayhan2016crossfire,
  title={{CrossFire: An Analysis of Firefox Extension-Reuse Vulnerabilities}},
  author={Buyukkayhan, Ahmet Salih and Onarlioglu, Kaan and Robertson, William and Kirda, Engin},
  booktitle={23\textsuperscript{rd} Network and Distributed System Security Symposium},
  year={2016}
}

@misc{vinton2015,
  title={{Password Manager LastPass Hacked, Exposing Encrypted Master Passwords}},
  author={Vinton, Kate},
  howpublished={\url{http://www.forbes.com/sites/katevinton/2015/06/15/password-manager-lastpass-hacked-exposing-encrypted-master-passwords}}, 
  note={2015-6-15}, 
  year={2015} 
} % /#80d2b315a666}},

@misc{firefoxAPI,
  title={{Introduction to the File and Directory Entries API}},
  author={Mozilla~Developer~Network},
  howpublished={\url{https://developer.mozilla.org/en-US/docs/Web/API/File_and_Directory_Entries_API/Introduction}}, 
  note={2016-9-27}, 
  year={2016} 
} % #sandbox}},

@misc{content_scripts,
  title={{Content scripts - Mozilla | MDN}},
  author={Mozilla~Developer~Network},
  howpublished={\url{https://developer.mozilla.org/en-US/Add-ons/WebExtensions/Content_scripts}},
  note={2016-2-10}, 
  year={2016} 
}

@misc{mozilla_review_policies,
  title={{Review Policies - Mozilla | MDN}},
  author={Mozilla~Developer~Network},
  howpublished={\url{https://developer.mozilla.org/en-US/Add-ons/AMO/Policy/Reviews}},
  note={2016-2-10}, 
  year={2016} 
}

@misc{firefox_webrequest,
  title={{webRequest - Mozilla | MDN}},
  author={Mozilla~Developer~Network},
  howpublished={\url{https://developer.mozilla.org/en-US/Add-ons/WebExtensions/API/webRequest}},
  note={2016-2-10}, 
  year={2016} 
}

@misc{chrome_webrequest,
  title={{chrome.webRequest - GoogleChrome}},
  author={Mozilla~Developer~Network},
  howpublished={\url{https://developer.mozilla.org/en-US/Add-ons/WebExtensions/API/webRequest}},
  note={2016-2-10}, 
  year={2016} 
}

@misc{firefox_addon,
  title={{Add-on SDK - Mozilla | MDN}},
  author={Mozilla~Developer~Network},
  howpublished={\url{https://developer.mozilla.org/en-US/Add-ons/WebExtensions/Content_scripts}},
  note={2016-2-10}, 
  year={2016} 
}

@misc{webextension,
  title={{WebExtensions - Mozilla | MDN}},
  author={Mozilla~Developer~Network},
  howpublished={\url{https://developer.mozilla.org/en-US/Add-ons/WebExtensions}},
  note={2016-2-10}, 
  year={2016} 
}

@misc{markSweep,
  title={{Memory Management}},
  author={Mozilla~Developer~Network},
  howpublished={\url{https://developer.mozilla.org/en-US/docs/Web/JavaScript/Memory_Management}},
  note={2017-2-12}, 
  year={2017} 
}

@misc{lastpasshack,
  title={{Hack of cloud-based LastPass exposes hashed master passwords}},
  author={Dan Goodin},
  howpublished={\url{https://arstechnica.com/security/2015/06/hack-of-cloud-based-lastpass-exposes-encrypted-master-passwords/}},
  note={2015-6-15}, 
  year={2015} 
}

@misc{cryptoAPI,
  title={Node.js v7.5.0 Documentation},
  author={NodeJS},
  howpublished={\url{https://nodejs.org/api/crypto.html}}, 
  note={2017-2-10}, 
  year={2017} 
}



@inproceedings{bagherzandi2011password,
  title={{Password-Protected Secret Sharing}},
  author={Bagherzandi, Ali and Jarecki, Stanislaw and Saxena, Nitesh and Lu, Yanbin},
  booktitle={18\textsuperscript{th} ACM conference on Computer and Communications Security},
  year={2011},
}

@inproceedings{gasti2012security,
  title={{On the Security of Password Manager Database Formats}},
  author={Gasti, Paolo and Rasmussen, Kasper B},
  booktitle={{17\textsuperscript{th} European Symposium on Research in Computer Security}},
  year={2012},
}

@inproceedings{acker2017,
  title={{Measuring Login Webpage Security}},
  author={Acker, Steven and Hausknecht, Daniel and Sabelfeld, Andrei},
  booktitle={{32\textsuperscript{nd} ACM Symposium on Applied Computing}},
  year={2017},
}

@inproceedings{bittau2008wedge,
  title={{Wedge: Splitting Applications into Reduced-Privilege Compartments}},
  author={Bittau, Andrea and Marchenko, Petr and Handley, Mark and Karp, Brad},
  booktitle={{17\textsuperscript{rd} USENIX Security Symposium}},
  year={2008}
}

@inproceedings{juels2013honeywords,
  title={{Honeywords: Making password-cracking detectable}},
  author={Juels, Ari and Rivest, Ronald L},
  booktitle={ACM SIGSAC Conference on Computer \& Communications Security},
  year={2013},
}

@misc{dod86,
  title={{Trusted Computer System Evaluation Criteria}},
  author={{Department of Defense}},
  year={1986}
}

@inproceedings{rushby1984trusted,
  title={{A Trusted Computing Base for Embedded Systems}},
  author={Rushby, John},
  booktitle={{Proceedings of the 7th DoD/NBS Computer Security Conference}},
  year={1984},
}

@inproceedings{mccune2008flicker,
  title={{Flicker: An Execution Infrastructure for TCB Minimization}},
  author={McCune, Jonathan M and Parno, Bryan J and Perrig, Adrian and Reiter, Michael K and Isozaki, Hiroshi},
  booktitle={{3\textsuperscript{rd} ACM SIGOPS/EuroSys European Conference on Computer Systems}},
  year={2008},
}

@inproceedings{provos2003preventing,
  title={{Preventing Privilege Escalation}},
  author={Provos, Niels and Friedl, Markus and Honeyman, Peter},
  booktitle={{12\textsuperscript{th} USENIX Security Symposium}},
  year={2003}
}

@inproceedings{blakley1979safeguarding,
  title={{Safeguarding Cryptographic Keys}},
  author={Blakley, George Robert},
  booktitle={{AFIPS National Computer Conference}},
  year={1979}
}

@misc{1PasswordWhitePaper,
     title = {{1Password Whitepaper for Teams Security Design}},
     author = {1Password},
     year = {2015},
     version="[git] Branch: master @ 88d0df1 • Release: v0.2.3 (2015-12-04)
Head tags: v0.2.3"
}

@misc{AWSthrottle,
    title = {{Manage API Request Throttling}},
    author = {AmazonAWS},
    howpublished = {\url{http://docs.aws.amazon.com/apigateway/latest/developerguide/api-gateway-request-throttling.html}},
 note = {2017-2-16}, 
  year={2017}
}

@misc{Azurethrottle,
    title = {{Throttling Resource Manager Requests}},
    author = {MSAzure},
    howpublished = {\url{https://docs.microsoft.com/en-us/azure/azure-resource-manager/resource-manager-request-limits}},
 note = {2017-1-11}, 
  year={2017}
}

@misc{LastpassSecurityUpdated,
    title = {{Security Update for the LastPass Extension}},
    author = {LastPass},
    howpublished = {\url{https://blog.lastpass.com/2017/03/security-update-for-the-lastpass-extension.html/}},
 note = {2017-5-20}, 
  year={2017}
}


@article{goldreich96,
  author = {Oded Goldreich and Rafail Ostrovsky},
  title = {{Software Protection and Simulation on Oblivious RAMs}},
  journal = {Journal of the ACM},
  volume = 43,
  number = 3,
  year = 1996}}
  
@article{onelogin,
    author = {Simon Sharwood},
    title = {{Identity Management Outfit OneLogin Sugar Coats Impact of Attack}},
    journal = {The Register},
    month = {1~June},
    year = 2017}